@book{kargapolov,
  author = {М.И. Каргаполов, Ю.И. Мерзляков},
  year = {1982},
  title = {Основы теории групп},
  publisher = {Москва, Наука},
  edition = {3}
}

@book{lang,
  author = {С. Ленг},
  year = {1968},
  title = {Алгебра},
  publisher = {Москва, Мир},
}

@book{lyapin,
  author = {Е.С. Ляпин, А.Я. Айзенштат, М.М. Лесохин},
  year = {1967},
  title = {Упражнения по теории групп},
  publisher = {Москва, Наука},
}